% Encoding: UTF-8

@book{Wesfix2017,
  author    = {Tim Wesfix},
  title     = {Branding Itu Dipraktekin},
  publisher = {Grasindo},
  year      = {2017},
  address   = {Jakarta}
}

@misc{Schwab2013,
  author       = {Ken Schwab},
  title        = {{Scrum Guide {I}{D}}},
  howpublished = {http://scrum.org},
  month        = jul,
  year         = {2013},
  note         = {Diakses pada tanggal 28 September 2018},
  timestamp    = {2018-09-28},
  url          = {scrum.org}
}

@misc{Paganini2015,
  author       = {Pierluigi Paganini},
  title        = {{Tracking Wearable Devices Could Be Very Easy via Bluetooth Low Energy}},
  howpublished = {http://securityaffairs.co/wordpress/37149/hacking/tracking-bluetooth-low-energy-devices.html},
  year         = {2015},
  note         = {Diakses pada tanggal 25 Maret 2019},
  url          = {http://securityaffairs.co/wordpress/37149/hacking/tracking-bluetooth-low-energy-devices.html}
}

@article{Wagh2012,
  author  = {Wagh, Dr. K and Thool, Ravindra},
  title   = {{A} {C}omparative {S}tudy of {S}{O}{A}{P} {v}{s} {R}{E}{S}{T} {W}eb {S}ervices {P}rovisioning {T}echniques {F}or {M}obile {H}ost},
  journal = {Journal of Information Engineering and Applications},
  year    = {2012},
  volume  = {2},
  pages   = {12-16},
  month   = {07}
}


@techreport{Lindh2016,
  author      = {Joakim Lindh},
  title       = {{Bluetooth® Low Energy Beacons}},
  institution = {Texas Intruments},
  year        = {2016}
}

@misc{Ericson2010,
  author       = {Ericson},
  title        = {CEO to shareholders: 50 billion connections 2020},
  howpublished = {ericsson.com},
  month        = jul,
  year         = {2010},
  note         = {Diakses pada tanggal 13 April 2019},
  url          = {https://www.ericsson.com/news/1403231}
}

@article{sinha2014,
  author  = {Ritesh Sinha and Manisha Khatkar and Subhash Chand Gupta},
  title   = {{D}esign \& {D}evelopment of {A} {R}{E}{S}{T} {B}ased {P}latform {F}or {M}obile {A}pplications {I}ntegration on {C}loud},
  journal = {IJISET - International Journal of Innovative Science, Engineering \& Technology},
  year    = {2014},
  pages   = {385-389}
}

@article{Yim2010,
  author  = {Yim, Jaegeol and Jeong, Seunghwan and Gwon, Kiyoung and Joo, Jaehun},
  title   = {{I}mprovement of {K}alman {F}ilter {F}or {W}{L}{A}{N} {B}ased {I}ndoor {T}racking},
  journal = {Expert Syst. Appl.},
  year    = {2010},
  volume  = {37},
  pages   = {426-433},
  month   = {01},
  doi     = {10.1016/j.eswa.2009.05.047}
}

@misc{Insoft2016,
  author       = {Insoft},
  title        = {{Quick Start: Indoor Positioning Systems}},
  howpublished = {insoft.com},
  year         = {2016},
  note         = {Diakses pada tanggal 25 Maret 2019},
  url          = {https://www.infsoft.com/indoor-positioning}
}

@book{Safaat2011,
  title     = {Pemrograman Aplikasi Mobile Smarthphone dan Tablet PC Berbasis Android},
  publisher = {Informatika},
  year      = {2011},
  author    = {Nazruddin Safaat},
  address   = {Bandung}
}

@article{Rahman2013,
  author  = {Muhamad Aminudin Rahman and Imam Kuswardayan and Ridho Rahman Hariadi},
  title   = {{P}erancangan dan {I}mplementasi {R}{E}{S}{T}ful {W}eb {S}ervice {u}ntuk {G}ame {S}osial {F}ood {M}erchant {S}aga pada {P}erangkat {A}ndroid},
  journal = {JURNAL TEKNIK POMITS},
  year    = {2013},
  volume  = {2},
  number  = {1},
  pages   = {1-4}
}

@inproceedings{Noguchi2015,
  author    = {S. {Noguchi} and M. {Niibori} and E. {Zhou} and M. {Kamada}},
  title     = {{S}tudent {A}ttendance {M}anagement {S}ystem with {B}luetooth {L}ow {E}nergy {B}eacon and {A}ndroid {D}evices},
  booktitle = {2015 18th International Conference on Network-Based Information Systems},
  year      = {2015},
  pages     = {710-713},
  month     = {Sep.},
  doi       = {10.1109/NBiS.2015.109},
  keywords  = {Android (operating system);Bluetooth;educational technology;student experiments;student attendance management system;Bluetooth low energy beacon;Android devices;student ID cards;BLE;Androids;Humanoid robots;Servers;Integrated circuits;Registers;Bluetooth;Electronic mail;android;NFC;BLE Beacon;attendance management system}
}

@misc{VerisIndustries2013,
  author       = {{Veris Industries}},
  title        = {{Veris Aerospond Wireless Sensors: Received Signal Strength Indicator ({R}{S}{S}{I})}},
  howpublished = {veris.com},
  year         = {2013},
  note         = {Diakses pada tanggal 17 April 2019},
  url          = {www.veris.com/docs/whitePaper/vwp18_RSSI_RevA.pdf}
}

@book{Brooke1996,
  title     = {{U}sability {E}valuation in {I}ndustry},
  publisher = {Taylor and Francis},
  year      = {1996},
  author    = {John Brooke},
  address   = {London}
}

@inproceedings{Gansemer2010,
  author    = {S. {Gansemer} and U. {Großmann} and S. {Hakobyan}},
  title     = {RSSI-based Euclidean Distance algorithm for indoor positioning adapted for the use in dynamically changing WLAN environments and multi-level buildings},
  booktitle = {2010 International Conference on Indoor Positioning and Indoor Navigation},
  year      = {2010},
  pages     = {1-6},
  month     = {Sep.},
  doi       = {10.1109/IPIN.2010.5648247},
  keywords  = {wireless LAN;RSSI based Euclidean distance algorithm;indoor positioning;WLAN environment;median location estimation error;size 2.12 m to 2.69 m;Calibration;Estimation error;Position measurement;Base stations;Euclidean distance;Phase measurement;Floors;WLAN;Indoor Positioning;Fingerprinting;RSSI;Euclidean Distance}
}

@article{HaliliRamadani2018,
  author  = {Halili, Festim and Ramadani, Erenis},
  title   = {{W}eb {S}ervices: {A} {C}omparison of {S}oap and {R}est {S}ervices},
  journal = {Modern Applied Science},
  year    = {2018},
  volume  = {12},
  pages   = {175},
  month   = {02},
  doi     = {10.5539/mas.v12n3p175}
}

@inproceedings{Kajioka2014,
  author    = {S. {Kajioka} and T. {Mori} and T. {Uchiya} and I. {Takumi} and H. {Matsuo}},
  title     = {{E}xperiment of {I}ndoor {P}osition {P}resumption {B}ased on {R}{S}{S}{I} of {B}luetooth {L}{E} {B}eacon},
  booktitle = {2014 IEEE 3rd Global Conference on Consumer Electronics (GCCE)},
  year      = {2014},
  pages     = {337-339},
  month     = {Oct},
  doi       = {10.1109/GCCE.2014.7031308},
  issn      = {2378-8143},
  keywords  = {Bluetooth;estimation theory;indoor navigation;radionavigation;RSSI;indoor position presumption;RSSI;Bluetooth LE beacon;real-time indoor location estimation;Bluetooth low energy beacon devices;signal sources;beacon fundamental knowledge;Modulation;Databases}
}

@article{Keluza2017,
  author  = {Keluža, Marin and Vukelic, Bernard},
  title   = {{A}nalysis of {A}n {I}ndoor {P}ositioning {S}ystems},
  journal = {Zbornik Veleučilišta u Rijeci},
  year    = {2017},
  volume  = {5},
  pages   = {13-32},
  month   = {01},
  doi     = {10.31784/zvr.5.1.2}
}

@article{Liu2007,
  author   = {H. {Liu} and H. {Darabi} and P. {Banerjee} and J. {Liu}},
  title    = {{S}urvey of {W}ireless {I}ndoor {P}ositioning {T}echniques and {S}ystems},
  journal  = {IEEE Transactions on Systems, Man, and Cybernetics, Part C (Applications and Reviews)},
  year     = {2007},
  volume   = {37},
  number   = {6},
  pages    = {1067-1080},
  month    = {Nov},
  issn     = {1094-6977},
  doi      = {10.1109/TSMCC.2007.905750},
  keywords = {indoor radio;radiowave propagation;wireless indoor positioning technique;location fingerprinting;Wireless sensor networks;Fingerprint recognition;Radio frequency;Automation;Inventory management;Image analysis;Scalability;Robustness;Costs;Object detection;Indoor location sensing;location fingerprinting;positioning algorithm;radio frequency (RF);wireless localization}
}

@inproceedings{Muhammad2018,
  author    = {Muhammad, Fadel and Saharuna, Zawiyah and Irmawati, Irmawati},
  title     = {{I}ndoor {W}ifi {P}ositioning {S}ystem {M}enggunakan {M}etode {F}ingerprinting},
  booktitle = {Seminar Nasional Teknik Elektro dan Informatika (SNTEI)},
  year      = {2018},
  pages     = {492-497},
  month     = {09}
}

@inproceedings{Schneegans2007,
  author    = {Schneegans, Sebastian and Vorst, Philipp and Zell, Andreas},
  title     = {{Using RFID Snapshots for Mobile Robot Self-Localization}},
  booktitle = {Conference: Proceedings of the 3rd European Conference on Mobile Robots (EMCR)},
  year      = {2007},
  pages     = {241-246},
  month     = {01}
}

@inproceedings{Subhan2011,
  author    = {F. {Subhan} and H. {Hasbullah} and A. {Rozyyev} and S. T. {Bakhsh}},
  title     = {{Indoor Positioning in Bluetooth Networks Using Fingerprinting and Lateration Approach}},
  booktitle = {2011 International Conference on Information Science and Applications},
  year      = {2011},
  pages     = {1-9},
  month     = {April},
  doi       = {10.1109/ICISA.2011.5772436},
  issn      = {2162-9048},
  keywords  = {Bluetooth;distance measurement;Global Positioning System;indoor radio;parameter estimation;indoor positioning;Bluetooth networks;fingerprinting approach;lateration approach;global positioning system;GPS;navigation system;indoor environments;wireless communication;digital devices;Bluetooth devices;position estimation;radio propagation model;gradient filter;distance measurement;Mathematical model;Bluetooth;Fingerprint recognition;Accuracy;Equations;Kalman filters;Estimation}
}

@misc{W3C2007,
  author       = {{W3C}},
  title        = {{Simple object access protocol ({s}{o}{a}{p}) speciﬁcations}},
  howpublished = {https://www.w3.org/TR/soap12/},
  year         = {2007},
  note         = {Diakses pada tanggal 17 April 2019},
  url          = {https://www.w3.org/TR/soap12/}
}

@article{Yudha2018,
  author  = {Dendi Prana Yudha and Billy Ibrahim Hasbi and Royan Habibi Sukarna},
  title   = {{I}NDOOR {P}OSITIONING {S}YSTEM {B}ERDASARKAN {F}INGERPRINTING {R}ECEIVED {S}IGNAL {S}TRENGTH {(R}{S}{S)} {W}I{F}I DENGAN {A}LGORITMA {K}-{N}EAREST {N}EIGHBOR ({K}-{N}{N})},
  journal = {ILKOM Jurnal Ilmiah},
  year    = {2018},
  pages   = {274-283},
  doi     = {10.33096/ilkom.v10i3.364.274-283}
}

@book{Supardi2011,
  title     = {Semua Bisa Menjadi Programmer Android},
  publisher = {ELEX MEDIA KOMPUTINDO},
  year      = {2011},
  author    = {Ir. Yuniar Supardi},
  address   = {Jakarta}
}

@inproceedings{christ1993,
  author    = {{Christ} and {Godwin} and {Lavigne}},
  title     = {{A} {P}rison {G}uard {D}uress {A}larm {L}ocation {S}ystem},
  booktitle = {1993 Proceedings of IEEE International Carnahan Conference on Security Technology},
  year      = {1993},
  pages     = {106-116},
  month     = {Oct},
  doi       = {10.1109/CCST.1993.386816},
  keywords  = {alarm systems;prison guard Duress alarm location system;CSC;Correctional Services Canada;Duress Alarm Location System;DALS;block diagram;test installation;indoor environment;Protection/safety;Hazardous areas}
}

@article{mironela2009,
  author  = {Mironela, Pîrnau},
  title   = {{T}he {I}mportance of {W}eb {S}ervices {U}sing the {R}{P}{C} and {R}{E}{S}{T} {A}rchitecture},
  journal = {Computer Technology and Development, International Conference on},
  year    = {2009},
  volume  = {1},
  pages   = {377-379},
  month   = {01},
  doi     = {10.1109/ICCTD.2009.15},
  isbn    = {978-0-7695-3892-1}
}

@book{bluetoothsig2010,
  title     = {{Bluetooth Specification Version 4}},
  publisher = {The Bluetooth Special Interest Group},
  year      = {2010},
  author    = {{Bluetooth SIG}}
}

@inproceedings{Wahl2000,
  author    = {N. J. {Wahl}},
  title     = {{Student-Run Usability Testing}},
  booktitle = {Thirteenth Conference on Software Engineering Education and Training},
  year      = {2000},
  pages     = {123-131},
  month     = {March},
  doi       = {10.1109/CSEE.2000.827030},
  issn      = {1093-0175},
  keywords  = {program testing;software engineering;student-run usability testing;software development;software systems;end-user companies;user-centered design;software engineering sequence;Usability;Computer science;Software engineering;Software testing;User centered design;Software quality;System testing;Software systems;Watches;Human factors}
}

@book{Rubin2008,
  title     = {Handbook of Usability Testing, Second Edition: How to Plan, Design, and Conduct Effective Tests},
  publisher = {Wiley Publishing, Inc},
  year      = {2008},
  author    = {Jeffrey Rubin and Dana Chisnell}
}

@article{Mustaqbal2015,
  author  = {M. Sidi Mustaqbal and Roeri Fajri Firdaus and Hendra Rahmadi},
  title   = {{Pengujian Aplikasi Menggunakan Black Box Testing Boundary Value Analysis (Studi Kasus : Aplikasi Prediksi Kelulusan {S}{N}{M}{P}{T}{N})}},
  journal = {Jurnal Ilmiah Teknologi Informasi Terapan},
  year    = {2015},
  volume  = {1},
  pages   = {31-36},
  month   = {08},
  issue   = {3}
}

@book{Alfatta2007,
  title     = {Analisis dan Perancangan Sistem Informasi untuk Keunggulan Bersaing Perusahaan dan Organisasi Modern},
  publisher = {Andi},
  year      = {2007},
  author    = {Hanif Al Fatta},
  city      = {Yogyakarta}
}

@book{Sugiyono2004,
  title     = {Metode Penelitian Bisnis},
  publisher = {Alfabeta},
  year      = {2004},
  author    = {Sugiyono},
  address   = {Bandung}
}
%editor    = {Sugiyono},

@book{Brooke1996a,
  title     = {{U}sability {E}valuation in {I}ndustry},
  publisher = {Taylor and Francis},
  year      = {1996},
  author    = {John Brooke},
  address   = {London}
}

@article{Lee2019,
  author  = {Lee, Sunmin and Kim, Jinah},
  title   = {{R}andom {F}orest and {W}i{F}i {F}ingerprint-{B}ased {I}ndoor {L}ocation {R}ecognition {S}ystem {U}sing {S}mart {W}atch},
  journal = {Human-centric Computing and Information Sciences},
  year    = {2019},
  volume  = {9},
  pages   = {6},
  month   = {02},
  doi     = {10.1186/s13673-019-0168-7}
}

@inproceedings{Bahl2000,
  author    = {P. {Bahl} and V. N. {Padmanabhan}},
  title     = {{{R}{A}{D}{A}{R}: {a}n in-{b}uilding {R}{F}-{b}ased {u}ser {l}ocation and {t}racking {s}ystem}},
  booktitle = {Proceedings IEEE INFOCOM 2000. Conference on Computer Communications. Nineteenth Annual Joint Conference of the IEEE Computer and Communications Societies (Cat. No.00CH37064)},
  year      = {2000},
  volume    = {2},
  pages     = {775-784 vol.2},
  month     = {March},
  doi       = {10.1109/INFCOM.2000.832252},
  issn      = {0743-166X},
  keywords  = {mobile computing;wireless LAN;radio tracking;radiowave propagation;signal processing;RADAR;in-building tracking system;RF-based tracking system;user location;mobile computing devices;local-area wireless networks;location-aware systems;signal strength processing;multiple base stations;overlapping coverage;signal propagation modeling;Radar tracking;Radio frequency;Wireless networks;Mobile computing;Computer networks;Wireless LAN;Global Positioning System;Radar signal processing;Signal processing;Base stations}
}

@article{Sharfina2016,
  author  = {Zahra Sharfina and Harry Budi Santoso},
  title   = {{An Indonesian Adaptation of the System Usability Scale (SUS)}},
  journal = {ICACSIS},
  year    = {2016},
  pages   = {145-148s}
}

@article{Ardiansyah2016,
  author  = {Ardiansyah and Muhammad Imam Ghazali},
  title   = {{P}ENGUJIAN {U}SABILITY {U}SER {I}NTERFACE DAN {U}SER {E}XPERIENCE {A}PLIKASI {E}-{R}EADER {S}KRIPSI {B}ERBASIS {H}YPERTEXT},
  journal = {Jurnal Ilmiah Teknologi Informasi Terapan},
  year    = {2016},
  volume  = {2},
  pages   = {213-220},
  month   = {08},
  issue   = {3}
}

@article{Bangoor2009,
  author  = {A. {Bangor} and P. T. {Kortum} and J. {Miller}},
  title   = {{D}etermining {W}hat {I}ndividual {S}{U}{S} {S}cores {M}ean: {A}dding {A}n {A}djective {R}ating {S}cale},
  journal = {Journal of usability studies},
  year    = {2009},
  pages   = {114-123}
}

{Baru%}
@article{Aryasena2016,
  author  = {Anggeriko Aryasena and Raden Venantius Hari Ginardi and Fajar Baskoro},
  title   = {Perancangan Indoor Localization Menggunakan Bluetooth Untuk Pelacakan Posisi Benda di Dalam Ruangan},
  journal = {JURNAL TEKNIK ITS},
  volume  = {5},
  number  = {2},
  year    = {2016},
  doi     = {10.12962/j23373539.v5i2.17043}
}

@article{Anisa2021,
  author  = {Melati Puspa Anisa and Herry Irawan and Sri Widiyanesti},
  title   = {Forecasting demand factors of tourist arrivals in Indonesia’s tourism industry using recurrent neural network},
  journal = {IOP Conference Series: Materials Science and Engineering},
  volume  = {1077},
  number  = {012035},
  year    = {2021}
}

@book{Abraham2021,
  author    = {Ajith Abraham and Shishir K. Shandilya and Laura Garcia-Hernandez},
  editor    = {Maria Leonilde Varela},
  title     = {Hybrid Intelligent System},
  publisher = {Springer Nature Switzerland AG},
  year      = {2021},
  doi       = {10.1007/978-3-030-49336-3}
}

@article{suryanto2016,
  author  = {Suryanto, Hizkia and Rachmat, Antonius and Lukito, Yuan},
  title   = {{I}ndoor {P}ositioning {S}ystem dengan {A}lgoritma {K}-{M}eans dan {K}{N}{N}},
  journal = {Jurnal Teknik Informatika dan Sistem Informasi (JuTiSi)},
  year    = {2016},
  volume  = {Vol 2},
  month   = {12},
  doi     = {10.28932/jutisi.v2i3.518}
}

@book{Geron2019,
  author    = {Aurélien Géron},
  editor    = {Nicole Tache},
  title     = {Hands-on Machine Learning with Scikit-Learn, Keras, and TensorFlow Concepts, Tools, and Techniques to Build Intelligent Systems},
  publisher = {O’Reilly Media},
  year      = {2019},
  address   = {United States of America}
}

@article{Syahputra2020,
  author  = {Hermawan Syahputra and L K Basyar and A A S Tamba},
  title   = {Setiment Analysis of Public Opinion on The Go-Jek Indonesia Through Twitter Using Algorithm Support Vector Machine},
  journal = {Journal of Physics Conference Series 1462:012063},
  volume  = {1462},
  number  = {012063},
  year    = {2020},
  doi     = {10.1088/1742-6596/1462/1/012063}
}

@article{Gregow2016,
  author  = {Gregow and Jylha and Makela and Manninen and and Karlsson},
  title   = {WORLDWIDE SURVEY OF AWARENESS AND NEEDS CONCERNING REANALYSES AND RESPONDENTS VIEWS ON CLIMATE SERVICES},
  journal = {AMERICAN METEOROLOGICAL SOCIETY},
  volume  = {97},
  number  = {8},
  year    = {2016},
  doi     = {10.1175/BAMS-D-14-00271.1}
}

@article{Lashkari2018,
  author  = {Bahareh Lashkari and Javad Rezazadeh and Reza Farahbakhsh and Kumbesan Sandrasegaran},
  title   = {Crowdsourcing and Sensing for Indoor Localization in IoT: A Review},
  journal = {IEEE Sensors Journal PP(99):1-1},
  volume  = {19},
  number  = {7},
  year    = {2018},
  doi     = {10.1109/JSEN.2018.2880180}
}

@article{Santos2021,
  author  = {Ricardo Santos and Ricardo Leonardo and MarÍlia Barandas and Dinis Moreira and Tiago Rocha and Pedro Alves and Jo{Ã}o P. Oliveira and Hugo Gamboa},
  title   = {Crowdsourcing-Based Fingerprinting for Indoor Location in Multi-Storey Buildings},
  journal = {IEEE Access},
  volume  = {9},
  number  = {},
  year    = {2021},
  doi     = {10.1109/access.2021.3060123}
}

@article{Li2018,
  author  = {Li, Wei and Zhang, Cheng and Liu, Zhi and Tanaka, Yoshiaki},
  journal = {IEEE Access},
  title   = {Incentive Mechanism Design for Crowdsourcing-Based Indoor Localization},
  year    = {2018},
  volume  = {6},
  number  = {},
  pages   = {54042-54051},
  doi     = {10.1109/ACCESS.2018.2869202}
}

@article{Wan2019,
  author  = {Wan, Xiangpeng and Ghazzai, Hakim and Massoud, Yehia},
  journal = {IEEE Access},
  title   = {Mobile Crowdsourcing for Intelligent Transportation Systems: Real-Time Navigation in Urban Areas},
  year    = {2019},
  volume  = {7},
  number  = {},
  pages   = {136995-137009},
  doi     = {10.1109/ACCESS.2019.2942282}
}

@article{Lashkari2019,
  author  = {Lashkari, Bahareh and Rezazadeh, Javad and Farahbakhsh, Reza and Sandrasegaran, Kumbesan},
  journal = {IEEE Sensors Journal},
  title   = {Crowdsourcing and Sensing for Indoor Localization in IoT: A Review},
  year    = {2019},
  volume  = {19},
  number  = {7},
  pages   = {2408-2434},
  doi     = {10.1109/JSEN.2018.2880180}
}

@article{Sun2019,
  author  = {Sun, Shuai and Li, Yan and Rowe, Wayne S. T. and Wang, Xuezhi and Kealy, Allison and Moran, Bill},
  journal = {IEEE Sensors Journal},
  title   = {Practical Evaluation of a Crowdsourcing Indoor Localization System Using Hidden Markov Models},
  year    = {2019},
  volume  = {19},
  number  = {20},
  pages   = {9332-9340},
  doi     = {10.1109/JSEN.2019.2925457}
}

@inproceedings{Baker2019,
  author    = {Baker, Kyri},
  booktitle = {2019 IEEE 29th International Workshop on Machine Learning for Signal Processing (MLSP)},
  title     = {Learning Warm-Start Points For Ac Optimal Power Flow},
  year      = {2019},
  volume    = {},
  number    = {},
  pages     = {1-6},
  doi       = {10.1109/MLSP.2019.8918690}
}

@article{Gramejo2020,
  author  = {Gramajo, M. and Ballejos, L. and Ale, M.},
  journal = {IEEE Latin America Transactions},
  title   = {Seizing Requirements Engineering Issues through Supervised Learning Techniques},
  year    = {2020},
  volume  = {18},
  number  = {07},
  pages   = {1164-1184},
  doi     = {10.1109/TLA.2020.9099757}
}

@inproceedings{Kim2014,
  author    = {Kim, Cheolhoon and Lee, Sungwon},
  booktitle = {2014 International Conference on Information and Communication Technology Convergence (ICTC)},
  title     = {A research on Beacon code architecture extension using category and code Beacon structure},
  year      = {2014},
  pages     = {187-188},
  doi       = {10.1109/ICTC.2014.6983113}
}

@inproceedings{Feng2011,
  author    = {Feng Geng and Shengjun Xue},
  booktitle = {2011 International Conference on Computer Science and Service System (CSSS)},
  title     = {Localizaion with a mobile beacon based on virtual beacon selection in Wireless Sensor Networks},
  year      = {2011},
  volume    = {},
  number    = {},
  pages     = {3321-3325},
  doi       = {10.1109/CSSS.2011.5972119}
}


@inproceedings{Zhibin2008,
  author    = {Zhibin Liu and Li Bai},
  booktitle = {2008 12th International Conference on Computer Supported Cooperative Work in Design},
  title     = {Evaluating the supplier cooperative design ability using a novel support vector machine algorithm},
  year      = {2008},
  volume    = {},
  number    = {},
  pages     = {986-989},
  doi       = {10.1109/CSCWD.2008.4537113}
}

@inproceedings{Braun2011,
  author    = {Braun, Andreas Ch. and Weidner, Uwe and Hinz, Stefan},
  booktitle = {2011 3rd Workshop on Hyperspectral Image and Signal Processing: Evolution in Remote Sensing (WHISPERS)},
  title     = {Support vector machines, import vector machines and relevance vector machines for hyperspectral classification — A comparison},
  year      = {2011},
  volume    = {},
  number    = {},
  pages     = {1-4},
  doi       = {10.1109/WHISPERS.2011.6080861}
}

@inproceedings{Sarkar2019,
  author    = {Sarkar, Anirban and Goyal, Ayush and Hicks, David and Sarkar, Debadrita and Hazra, Saikat},
  booktitle = {2019 Third International conference on I-SMAC (IoT in Social, Mobile, Analytics and Cloud) (I-SMAC)},
  title     = {Android Application Development: A Brief Overview of Android Platforms and Evolution of Security Systems},
  year      = {2019},
  volume    = {},
  number    = {},
  pages     = {73-79},
  doi       = {10.1109/I-SMAC47947.2019.9032440}
}

@inproceedings{Brito2018,
  author    = {Brito, Hugo and Gomes, Anabela and Santos, Álvaro and Bernardino, Jorge},
  booktitle = {2018 13th Iberian Conference on Information Systems and Technologies (CISTI)},
  title     = {JavaScript in mobile applications: React native vs ionic vs NativeScript vs native development},
  year      = {2018},
  volume    = {},
  number    = {},
  pages     = {1-6},
  doi       = {10.23919/CISTI.2018.8399283}
}

@inproceedings{Chuangwei2011,
  author    = {Chuangwei Zhang and Xu Yin},
  booktitle = {2011 International Conference on Computer Science and Service System (CSSS)},
  title     = {Design and implementation of single-service multi-function Webservice},
  year      = {2011},
  volume    = {},
  number    = {},
  pages     = {3912-3915},
  doi       = {10.1109/CSSS.2011.5974771}
}

@inproceedings{Ereiz2019,
  author    = {Ereiz, Zoran and Mušić, Denis},
  booktitle = {2019 IEEE International Conference on Computer Science and Educational Informatization (CSEI)},
  title     = {Scrum Without a Scrum Master},
  year      = {2019},
  volume    = {},
  number    = {},
  pages     = {325-328},
  doi       = {10.1109/CSEI47661.2019.8938877}
}

@inproceedings{Mundra2013,
  author    = {Mundra, Ashish and Misra, Sanjay and Dhawale, Chitra A.},
  booktitle = {2013 13th International Conference on Computational Science and Its Applications},
  title     = {Practical Scrum-Scrum Team: Way to Produce Successful and Quality Software},
  year      = {2013},
  volume    = {},
  number    = {},
  pages     = {119-123},
  doi       = {10.1109/ICCSA.2013.25}
}

@inproceedings{Yu2009,
  author    = {Yu, Benhai and Wang, Qing and Yang, Ye},
  booktitle = {2009 International Conference on Networks Security, Wireless Communications and Trusted Computing},
  title     = {The Study of Trustworthy Software Process Improvement Model},
  year      = {2009},
  volume    = {2},
  number    = {},
  pages     = {315-318},
  doi       = {10.1109/NSWCTC.2009.338}
}

@article{Finstad2010,
  author  = {Finstad, Kraig},
  year    = {2010},
  month   = {09},
  pages   = {323-327},
  title   = {The Usability Metric for User Experience},
  volume  = {22},
  journal = {Interacting with Computers},
  doi     = {10.1016/j.intcom.2010.04.004}
}


@Comment{jabref-meta: databaseType:bibtex;}
